@article{hossain2020lack,
	title={Lack of knowledge and misperceptions about thalassaemia among 
	college students in Bangladesh: a cross-sectional baseline study},
	author={Hossain, Mohammad Sorowar and Hasan, Md Mahbub and Raheem, Enayetur 
	and Islam, Muhammad Sougatul and Al Mosabbir, Abdullah and Petrou, Mary and 
	Telfer, Paul and Siddiqee, Mahbubul H},
	journal={Orphanet journal of rare diseases},
	volume={15},
	number={1},
	pages={1--10},
	year={2020},
	publisher={Springer}
}

@article{telfer2005quality,
  title={Quality of life in thalassemia},
  author={Telfer, P and Constantinidou, G and Andreou, P and Christou, S and Modell, B and Angastiniotis, M},
  journal={Annals of the New York Academy of Sciences},
  volume={1054},
  number={1},
  pages={273--282},
  year={2005},
  publisher={Wiley Online Library}
}

@article{deutsch2013beyond,
	title={Beyond adding years to life: health-related quality-of-life and functional outcomes in patients with severe aortic valve stenosis at high surgical risk undergoing transcatheter aortic valve replacement},
	author={Deutsch, Marcus-Andr{\'e} and Bleiziffer, Sabine and Elhmidi, Yacine and Piazza, Nicolo and Voss, Bernhard and Lange, Ruediger and Krane, Markus},
	journal={Current cardiology reviews},
	volume={9},
	number={4},
	pages={281--294},
	year={2013},
	publisher={Bentham Science Publishers}
}


@article{haghpanah2013quality,
	title={Quality of life among Iranian patients with beta-thalassemia major using the SF-36 questionnaire},
	author={Haghpanah, Sezaneh and Nasirabadi, Shiva and Ghaffarpasand, Fariborz and Karami, Rahmatollah and Mahmoodi, Mojtaba and Parand, Shirin and Karimi, Mehran},
	journal={Sao Paulo medical journal},
	volume={131},
	pages={166--172},
	year={2013},
	publisher={SciELO Brasil}
}

@article{biswas2020quality,
	title={Quality of life among parents of Thalassemic Children in Eastern India},
	author={Biswas, Daliya and Sarkar, Aditya Prasad and Haldar, Dibakar and Sarkar, Gautam Narayan and Saha, Indrajit},
	year={2020}
}

@article{elalfy2014quality,
	title={Quality of life of Egyptian b-thalassemia major children and adolescents},
	author={Elalfy, Mohsen S and Farid, Maisa N and Labib, Jonair H and RezkAllah, Heba K and others},
	journal={The Egyptian Journal of Haematology},
	volume={39},
	number={4},
	pages={222},
	year={2014},
	publisher={Medknow Publications}
}

@article{mediani2021predicting,
	title={Predicting factors impact to quality of life of school age Thalassemic children in Indonesia},
	author={Mediani, Henny Suzana and Nurhidayah, Ikeu and Lusiani, Lilis and Panigoro, Ramdan},
	journal={Journal of Advanced Pharmacy Education \& Research| Jan-Mar},
	volume={11},
	number={1},
	year={2021}
}

@article{shaligram2007psychological,
	title={Psychological problems and quality of life in children with thalassemia},
	author={Shaligram, D and Girimaji, SC and Chaturvedi, SK},
	journal={The Indian Journal of Pediatrics},
	volume={74},
	number={8},
	pages={727--730},
	year={2007},
	publisher={Springer}
}

@article{thavorncharoensap2010factors,
	title={Factors affecting health-related quality of life in Thai children with thalassemia},
	author={Thavorncharoensap, Montarat and Torcharus, Kitti and Nuchprayoon, Issarang and Riewpaiboon, Arthorn and Indaratna, Kaemthong and Ubol, Bang-on},
	journal={BMC Hematology},
	volume={10},
	number={1},
	pages={1--10},
	year={2010},
	publisher={Springer}
}

@online{sf36,
	author = {36-Item Short Form Survey (SF-36)},
	title = {{36-Item Short Form Survey (SF-36},
{\url{https://www.rand.org/health-care/surveys_tools/mos/36-item-short-form.html}}
}
}

@online{OrthoToolKit,
	author = {SF-36 -- OrthoToolKit},
	title = {{36-Item Short Form Survey (SF-36},
	{\url{https://orthotoolkit.com/sf-36/}}
	}
}




